@article{mccartney1976optics,
  title={Optics of the atmosphere: scattering by molecules and particles},
  author={McCartney, Earl J},
  journal={New York},
  year={1976}
}

@article{narasimhan2002vision,
  title={Vision and the atmosphere},
  author={Narasimhan, Srinivasa G and Nayar, Shree K},
  journal={International journal of computer vision},
  volume={48},
  pages={233--254},
  year={2002},
  publisher={Springer}
}

@article{he2010single,
  title={Single image haze removal using dark channel prior},
  author={He, Kaiming and Sun, Jian and Tang, Xiaoou},
  journal={IEEE transactions on pattern analysis and machine intelligence},
  volume={33},
  number={12},
  pages={2341--2353},
  year={2010},
  publisher={IEEE}
}

@article{chen2017improved,
  title={Improved dark channel prior dehazing algorithm combined with atmospheric light and transmission},
  author={CHEN, Gaoke and YANG, Yan and ZHANG, Baoshan},
  journal={Journal of Computer Applications},
  volume={37},
  number={5},
  pages={1481},
  year={2017}
}

@article{jiang2020image,
  title={Image defogging algorithm based on sky region segmentation and dark channel prior},
  author={Jiang, Zuyun and Sun, Xiangdong and Wang, Xiaochun},
  journal={Journal of Systems Science and Information},
  volume={8},
  number={5},
  pages={476--486},
  year={2020},
  publisher={De Gruyter}
}

@inproceedings{land1965retinex,
  title={The retinex},
  author={Land, Edwin H},
  booktitle={Ciba Foundation Symposium-Colour Vision: Physiology and Experimental Psychology},
  pages={217--227},
  year={1965},
  organization={Wiley Online Library}
}

@article{jobson1997properties,
  title={Properties and performance of a center/surround retinex},
  author={Jobson, Daniel J and Rahman, Zia-ur and Woodell, Glenn A},
  journal={IEEE transactions on image processing},
  volume={6},
  number={3},
  pages={451--462},
  year={1997},
  publisher={IEEE}
}

@article{singh2019single,
  title={Single image defogging by gain gradient image filter},
  author={Singh, Dilbag and Kumar, Vijay},
  journal={Science China. Information Sciences},
  volume={62},
  number={7},
  pages={79101},
  year={2019},
  publisher={Springer Nature BV}
}

@article{chen2021visibility,
  title={Visibility detection algorithm of single fog image based on the ratio of wavelength residual energy},
  author={Chen, Zhixiang and Ou, Binna},
  journal={Mathematical Problems in Engineering},
  volume={2021},
  pages={1--13},
  year={2021},
  publisher={Hindawi Limited}
}

@article{cai2016dehazenet,
  title={Dehazenet: An end-to-end system for single image haze removal},
  author={Cai, Bolun and Xu, Xiangmin and Jia, Kui and Qing, Chunmei and Tao, Dacheng},
  journal={IEEE transactions on image processing},
  volume={25},
  number={11},
  pages={5187--5198},
  year={2016},
  publisher={IEEE}
}

@inproceedings{liang2019selective,
  title={Selective attention network for image dehazing and deraining},
  author={Liang, Xiao and Li, Runde and Tang, Jinhui},
  booktitle={Proceedings of the 1st ACM International Conference on Multimedia in Asia},
  pages={1--6},
  year={2019}
}

@inproceedings{liu2019griddehazenet,
  title={Griddehazenet: Attention-based multi-scale network for image dehazing},
  author={Liu, Xiaohong and Ma, Yongrui and Shi, Zhihao and Chen, Jun},
  booktitle={Proceedings of the IEEE/CVF international conference on computer vision},
  pages={7314--7323},
  year={2019}
}

@inproceedings{cong2020discrete,
  title={Discrete haze level dehazing network},
  author={Cong, Xiaofeng and Gui, Jie and Miao, Kai-Chao and Zhang, Jun and Wang, Bing and Chen, Peng},
  booktitle={Proceedings of the 28th ACM International Conference on Multimedia},
  pages={1828--1836},
  year={2020}
}

@article{li2020zero,
  title={Zero-shot image dehazing},
  author={Li, Boyun and Gou, Yuanbiao and Liu, Jerry Zitao and Zhu, Hongyuan and Zhou, Joey Tianyi and Peng, Xi},
  journal={IEEE Transactions on Image Processing},
  volume={29},
  pages={8457--8466},
  year={2020},
  publisher={IEEE}
}

@article{an2022semi,
  title={Semi-Supervised image dehazing network},
  author={An, Shunmin and Huang, Xixia and Wang, Le and Wang, Linling and Zheng, Zhangjing},
  journal={The Visual Computer},
  volume={38},
  number={6},
  pages={2041--2055},
  year={2022},
  publisher={Springer}
}

@inproceedings{chen2021psd,
  title={PSD: Principled synthetic-to-real dehazing guided by physical priors},
  author={Chen, Zeyuan and Wang, Yangchao and Yang, Yang and Liu, Dong},
  booktitle={Proceedings of the IEEE/CVF conference on computer vision and pattern recognition},
  pages={7180--7189},
  year={2021}
}

@inproceedings{deng2019deep,
  title={Deep multi-model fusion for single-image dehazing},
  author={Deng, Zijun and Zhu, Lei and Hu, Xiaowei and Fu, Chi-Wing and Xu, Xuemiao and Zhang, Qing and Qin, Jing and Heng, Pheng-Ann},
  booktitle={Proceedings of the IEEE/CVF international conference on computer vision},
  pages={2453--2462},
  year={2019}
}

@article{krizhevsky2012imagenet,
  title={Imagenet classification with deep convolutional neural networks},
  author={Krizhevsky, Alex and Sutskever, Ilya and Hinton, Geoffrey E},
  journal={Advances in neural information processing systems},
  volume={25},
  year={2012}
}

@inproceedings{qu2019enhanced,
  title={Enhanced pix2pix dehazing network},
  author={Qu, Yanyun and Chen, Yizi and Huang, Jingying and Xie, Yuan},
  booktitle={Proceedings of the IEEE/CVF conference on computer vision and pattern recognition},
  pages={8160--8168},
  year={2019}
}

@inproceedings{yang2023docdiff,
  title={DocDiff: Document enhancement via residual diffusion models},
  author={Yang, Zongyuan and Liu, Baolin and Xxiong, Yongping and Yi, Lan and Wu, Guibin and Tang, Xiaojun and Liu, Ziqi and Zhou, Junjie and Zhang, Xing},
  booktitle={Proceedings of the 31st ACM International Conference on Multimedia},
  pages={2795--2806},
  year={2023}
}

@article{creswell2018generative,
  title={Generative adversarial networks: An overview},
  author={Creswell, Antonia and White, Tom and Dumoulin, Vincent and Arulkumaran, Kai and Sengupta, Biswa and Bharath, Anil A},
  journal={IEEE signal processing magazine},
  volume={35},
  number={1},
  pages={53--65},
  year={2018},
  publisher={IEEE}
}

@inproceedings{zhang2017hazerd,
  title={Hazerd: an outdoor scene dataset and benchmark for single image dehazing},
  author={Zhang, Yanfu and Ding, Li and Sharma, Gaurav},
  booktitle={2017 IEEE international conference on image processing (ICIP)},
  pages={3205--3209},
  year={2017},
  organization={IEEE}
}

@article{li2018benchmarking,
  title={Benchmarking single-image dehazing and beyond},
  author={Li, Boyi and Ren, Wenqi and Fu, Dengpan and Tao, Dacheng and Feng, Dan and Zeng, Wenjun and Wang, Zhangyang},
  journal={IEEE Transactions on Image Processing},
  volume={28},
  number={1},
  pages={492--505},
  year={2018},
  publisher={IEEE}
}

@inproceedings{ancuti2018haze,
  title={O-haze: a dehazing benchmark with real hazy and haze-free outdoor images},
  author={Ancuti, Codruta O and Ancuti, Cosmin and Timofte, Radu and De Vleeschouwer, Christophe},
  booktitle={Proceedings of the IEEE conference on computer vision and pattern recognition workshops},
  pages={754--762},
  year={2018}
}